% This file was created with JabRef 2.4.2.
% Encoding: UTF8

@ARTICLE{quanjing,
  author = {曲安京},
  title = {商高、趙爽與劉徽關於勾股定理的證明},
  journal = {數學傳播},
  year = {1998},
  volume = {20},
  number = {3},
  owner = {milksea},
  timestamp = {2009.05.14}
}

@MANUAL{metafun,
  title = {METAFUN},
  author = {Hans Hagen},
  edition = {Preliminary},
  month = {January},
  year = {2002},
  owner = {milksea},
  timestamp = {2009.10.01}
}

@MANUAL{asyman,
  title = {Asymptote: the Vector Graphics Language},
  author = {Andy Hammerlindl and John Bowman and Tom Prince},
  edition = {\asyversion{}},
  year = {2009},
  note = {这是 Asymptote 的官方手册。刘海洋给出了文档的一个翻译，见 \url{http://code.google.com/p/asy4cn/}。},
  owner = {milksea},
  timestamp = {2009.05.13}
}

@MANUAL{mpman,
  title = {\MP: A User's Manual},
  author = {John D. Hobby and {the MetaPost development team}},
  edition = {1.005},
  month = {May},
  year = {2008},
  owner = {milksea},
  timestamp = {2009.06.16}
}

@MANUAL{geometry,
  title = {\prgname{geometry.asy}: Euclidean geometry with \Asy{}},
  author = {Philippe Ivaldi},
  edition = {1.0},
  month = {May},
  year = {2009},
  comment = {English Translation by Olivier Guibé & Philippe Ivaldi},
  owner = {milksea},
  timestamp = {2009.10.11}
}

@BOOK{kandr,
  title = {The C programming Language},
  publisher = {Prentice-Hall},
  year = {1988},
  author = {Brian W. Kernighan and Dennis M. Ritchie},
  edition = {second},
  note = {这是 ANSI C 语言的经典文献。机械工业出版社有中译本。},
  owner = {milksea},
  timestamp = {2009.10.25}
}

@BOOK{knuth1986,
  title = {The \MF{}book},
  publisher = {Addison Wesley},
  year = {1986},
  author = {Donald Ervin Knuth},
  volume = {C},
  series = {Computers \& Typesetting},
  owner = {milksea},
  timestamp = {2009.06.16}
}

@BOOK{taocp2,
  title = {Seminumerical Algorithm},
  publisher = {Addison-Wesley},
  year = {1981},
  author = {Donald Ervin Knuth},
  volume = {2},
  series = {The Art Of Computer Programming},
  edition = {second},
  note = {这是算法分析的经典文献。国防工业出版社有中译本。},
  owner = {milksea},
  timestamp = {2009.10.24}
}

@MANUAL{pgfman,
  title = {The Ti\emph{k}Z \& \textsc{PGF} Packages},
  author = {Till Tantau},
  organization = {Institut für Theoretische Informatik Universität zu Lübeck},
  edition = {2.00},
  month = {February},
  year = {2008},
  owner = {milksea},
  timestamp = {2009.10.24}
}

@MANUAL{pstricks,
  title = {PSTricks: PostScript macros for Generic \TeX{}},
  author = {Timothy Van Zandt},
  edition = {97},
  month = {July},
  year = {2003},
  owner = {milksea},
  timestamp = {2009.05.19}
}

@comment{jabref-meta: selector_publisher:}

@comment{jabref-meta: selector_author:}

@comment{jabref-meta: selector_journal:}

@comment{jabref-meta: selector_keywords:}

